@article{greenwade93,
    author  = "George D. Greenwade",
    title   = "The {C}omprehensive {T}ex {A}rchive {N}etwork ({CTAN})",
    year    = "1993",
    journal = "TUGBoat",
    volume  = "14",
    number  = "3",
    pages   = "342--351"
}

@article{dockerswarm,
  author = "al-lac",
  title = "Github - Docker Swarm Cluster (pre-docker 1.12)",
  year = "2021",
  url = "https://github.com/Azure/azure-quickstart-templates/tree/master/docker-swarm-cluster",
  urldate = "2021-18-05"
}

@article{scaleout,
  author = {Microsoft},
  title = {{Microsoft} Scale up an app in Azure App Service},
  year = 2021,
  url = {https://docs.microsoft.com/en-us/azure/app-service/manage-scale-up},
  urldate = {2021-18-05}
}

@article{Ndepend,
  author = {ndepend},
  title = {{Ndepend} Dependency Structure Matrix},
  year = 2021,
  url = {https://www.ndepend.com/docs/dependency-structure-matrix-dsm},
  urldate = {2021-18-05}
}